<record><leader>00000cas a2200000 a 4500</leader><controlfield tag="001">39741020</controlfield><controlfield tag="008">980825c19989999txumr n       0   a0eng c</controlfield><datafield ind1=" " ind2=" " tag="010"><subfield code="a">sn 98002413 </subfield></datafield><datafield ind1=" " ind2=" " tag="040"><subfield code="a">TXH</subfield><subfield code="b">eng</subfield><subfield code="c">TXH</subfield><subfield code="d">NSD</subfield><subfield code="d">OCLCQ</subfield><subfield code="d">OCLCF</subfield><subfield code="d">OCLCO</subfield><subfield code="d">OCLCA</subfield></datafield><datafield ind1=" " ind2=" " tag="012"><subfield code="m">y</subfield></datafield><datafield ind1="1" ind2=" " tag="022"><subfield code="a">1521-7523</subfield><subfield code="l">1521-7523</subfield><subfield code="y">0194-9802</subfield><subfield code="2">1</subfield></datafield><datafield ind1="1" ind2=" " tag="029"><subfield code="a">AU@</subfield><subfield code="b">000014195629</subfield></datafield><datafield ind1=" " ind2=" " tag="032"><subfield code="a">541440</subfield><subfield code="b">USPS</subfield></datafield><datafield ind1=" " ind2=" " tag="042"><subfield code="a">nsdp</subfield><subfield code="a">pcc</subfield></datafield><datafield ind1=" " ind2=" " tag="090"><subfield code="a">PN4844.T4</subfield><subfield code="b">T4</subfield></datafield><datafield ind1="0" ind2=" " tag="130"><subfield code="a">Texas press messenger (1998)</subfield></datafield><datafield ind1=" " ind2="0" tag="222"><subfield code="a">Texas press messenger</subfield><subfield code="b">(1998)</subfield></datafield><datafield ind1="0" ind2="0" tag="245"><subfield code="a">Texas press messenger.</subfield></datafield><datafield ind1=" " ind2=" " tag="260"><subfield code="a">Austin, Tex. :</subfield><subfield code="b">Texas Press Association,</subfield><subfield code="c">1998-</subfield></datafield><datafield ind1=" " ind2=" " tag="300"><subfield code="a">v. :</subfield><subfield code="b">ill. ;</subfield><subfield code="c">35 cm.</subfield></datafield><datafield ind1="0" ind2=" " tag="362"><subfield code="a">Vol. 73, no. 8 (Aug. 1998)-</subfield></datafield><datafield ind1=" " ind2=" " tag="500"><subfield code="a">Title from caption.</subfield></datafield><datafield ind1=" " ind2="0" tag="650"><subfield code="a">Journalism</subfield><subfield code="z">Texas</subfield><subfield code="v">Periodicals.</subfield></datafield><datafield ind1=" " ind2="0" tag="650"><subfield code="a">Press</subfield><subfield code="z">Texas</subfield><subfield code="v">Periodicals.</subfield></datafield><datafield ind1=" " ind2="7" tag="655"><subfield code="a">Periodicals.</subfield><subfield code="2">fast</subfield><subfield code="0">(OCoLC)fst01411641</subfield></datafield><datafield ind1=" " ind2="7" tag="650"><subfield code="a">Journalism.</subfield><subfield code="2">fast</subfield><subfield code="0">(OCoLC)fst00984032</subfield></datafield><datafield ind1=" " ind2="7" tag="650"><subfield code="a">Press.</subfield><subfield code="2">fast</subfield><subfield code="0">(OCoLC)fst01075837</subfield></datafield><datafield ind1=" " ind2="7" tag="651"><subfield code="a">Texas.</subfield><subfield code="2">fast</subfield><subfield code="0">(OCoLC)fst01210336</subfield></datafield><datafield ind1="2" ind2=" " tag="710"><subfield code="a">Texas Press Association.</subfield></datafield><datafield ind1="0" ind2="0" tag="780"><subfield code="t">TPA messenger</subfield><subfield code="x">0194-9802</subfield><subfield code="w">(DLC)sn 79000641</subfield><subfield code="w">(OCoLC)5174379</subfield></datafield></record>